% this is the bibliography file

@book{linnetarch,
  author  =      {Klaus Wehrle and Frank Pahlke and Hartmut Ritter and Daniel Muller and Marc Bechler},
  title =	 {Linux Networking Architecture},
  month =        {August},
  year =         {2004},
  publisher =    {Prentice Hall}
}

@book{ulinuxnetinternals,
  author =	 {Christian Benvenuti},
  title =        {Understanding Linux Network Internals},
  month =        {December},
  year =         {2005},
  publisher =    {O'Reilly Media}
}

@book{utld,
        author          = {Daniel P. Bovet and Marco Cesati},
        title           = {Understanding the Linux kernel},
        month           = {November},
        year            = {2005},
        publisher       = {O'reilly Media}
}

@article{thesis,
  author =	 "Octavian Purdil\u{a} and Lucian Grijicu and Nicolate \c{T}\u{a}pu\c{s}",
  title =        "LKL - The Linux Kernel Library",
  year =         {2010},
  journal =      {Proceedings for the 9th RoEduNet IEEE International Conference}
}

@book{lkd,
  author =	 {Robert Love},
  title =        {Linux Kernel Development Second Edition},
  month =        {June},
  year =         {2005},
  publisher =    {Novell Press}
}

@book{fgtk,
        author    = {Andrew Krause},
        title     = {Foundations of GTK+ development},
        month     = {April},
        year      = {2007},
        publisher = {Apress}
}

@ONLINE{cairotut,
        author     = {Jan Bodnar},
        title      = {The Cairo graphics tutorial},
        month      = {June},
        year       = {2007},
        url       = {http://zetcode.com/tutorials/cairographicstutorial/}
